@article{nfv2013001,
  title={001: Network Functions Virtualisation (NFV); Use Cases, V 1.1. 1},
  author={NFV, GS},
  journal={ETSI, December},
  year={2013}
}

@misc{noauthor_project_nodate,
    title = {Project {Clearwater}},
    howpublished = "\url{http://www.projectclearwater.org/}",
    urldate = {2017-05-08},
    file = {Project Clearwater:/Users/xutianni/Library/Application Support/Zotero/Profiles/1hgt93tu.default/zotero/storage/KH57P5SK/www.projectclearwater.org.html:text/html}
}
@misc{snort,
    title = {Project {Snort}},
    howpublished = "\url{https://www.snort.org/}",
    urldate = {2017-05-08},
    file = {Project Clearwater:/Users/xutianni/Library/Application Support/Zotero/Profiles/1hgt93tu.default/zotero/storage/KH57P5SK/www.projectclearwater.org.html:text/html}
}
@misc{Iptables,
    title = {Project {Iptables}},
    howpublished = "\url{http://www.netfilter.org/}",
    urldate = {2017-05-08},
    file = {Project Clearwater:/Users/xutianni/Library/Application Support/Zotero/Profiles/1hgt93tu.default/zotero/storage/KH57P5SK/www.projectclearwater.org.html:text/html}
}
@misc{HAProxy,
    title = {Project {HAProxy}},
    howpublished = "\url{http://www.haproxy.org/}",
    urldate = {2017-05-08},
    file = {Project Clearwater:/Users/xutianni/Library/Application Support/Zotero/Profiles/1hgt93tu.default/zotero/storage/KH57P5SK/www.projectclearwater.org.html:text/html}
}
@misc{Squid,
    title = {Project {Squid-Cache}},
    howpublished = "\url{http://www.squid-cache.org/}",
    urldate = {2017-05-08},
    file = {Project Clearwater:/Users/xutianni/Library/Application Support/Zotero/Profiles/1hgt93tu.default/zotero/storage/KH57P5SK/www.projectclearwater.org.html:text/html}
}
@misc{SIPp,
    title = {Project {SIPp}},
    howpublished = "\url{http://sipp.sourceforge.net/}",
    urldate = {2017-05-08},
    file = {Project Clearwater:/Users/xutianni/Library/Application Support/Zotero/Profiles/1hgt93tu.default/zotero/storage/KH57P5SK/www.projectclearwater.org.html:text/html}
}
@misc{web-polygraph,
    title = {Project {Web-Polygraph}},
    howpublished = "\url{http://www.web-polygraph.org/}",
    urldate = {2017-05-08},
    file = {Project Clearwater:/Users/xutianni/Library/Application Support/Zotero/Profiles/1hgt93tu.default/zotero/storage/KH57P5SK/www.projectclearwater.org.html:text/html}
}
@misc{Httperf,
    title = {Project {Httperf}},
    howpublished = "\url{https://github.com/httperf/httperf}",
    urldate = {2017-05-08},
    file = {Project Clearwater:/Users/xutianni/Library/Application Support/Zotero/Profiles/1hgt93tu.default/zotero/storage/KH57P5SK/www.projectclearwater.org.html:text/html}
}
@misc{draft-ietf-sfc-dc-use-cases-06,
    title = {Service Function Chaining Use Cases In Data Centers},
    howpublished = "\url{https://datatracker.ietf.org/doc/draft-ietf-sfc-dc-use-cases/?include_text=1}",
    urldate = {2017-05-15},
}

@misc{noauthor_home_nodate,
    title = {OPNFV},
    howpublished = "\url{https://www.opnfv.org/}",
    urldate = {2017-05-08},
    journal = {OPNFV},
    file = {Snapshot:/Users/xutianni/Library/Application Support/Zotero/Profiles/1hgt93tu.default/zotero/storage/4M23NEFQ/www.opnfv.org.html:text/html}
}

@inproceedings {180672,
author = {Vyas Sekar and Norbert Egi and Sylvia Ratnasamy and Michael K. Reiter and Guangyu Shi},
title = {Design and Implementation of a Consolidated Middlebox Architecture},
booktitle = {Presented as part of the 9th USENIX Symposium on Networked Systems Design and Implementation (NSDI 12)},
year = {2012},
isbn = {978-931971-92-8},
address = {San Jose, CA},
pages = {323--336},
url = {https://www.usenix.org/conference/nsdi12/technical-sessions/presentation/sekar},
publisher = {USENIX},
}

@inproceedings {179771,
author = {Joao Martins and Mohamed Ahmed and Costin Raiciu and Vladimir Olteanu and Michio Honda and Roberto Bifulco and Felipe Huici},
title = {ClickOS and the Art of Network Function Virtualization},
booktitle = {11th USENIX Symposium on Networked Systems Design and Implementation (NSDI 14)},
year = {2014},
isbn = {978-1-931971-09-6},
address = {Seattle, WA},
pages = {459--473},
url = {https://www.usenix.org/conference/nsdi14/technical-sessions/presentation/martins},
publisher = {USENIX Association},
}

@inproceedings {180307,
author = {Shriram Rajagopalan and Dan Williams and Hani Jamjoom and Andrew Warfield},
title = {Split/Merge: System Support for Elastic Execution in Virtual Middleboxes},
booktitle = {Presented as part of the 10th USENIX Symposium on Networked Systems Design and Implementation (NSDI 13)},
year = {2013},
isbn = {978-1-931971-00-3},
address = {Lombard, IL},
pages = {227--240},
url = {https://www.usenix.org/conference/nsdi13/technical-sessions/presentation/rajagopalan},
publisher = {USENIX},
}

@inproceedings {194932,
author = {Junaid Khalid and Aaron Gember-Jacobson and Roney Michael and Anubhavnidhi Abhashkumar and Aditya Akella},
title = {Paving the Way for NFV: Simplifying Middlebox Modifications Using StateAlyzr},
booktitle = {13th USENIX Symposium on Networked Systems Design and Implementation (NSDI 16)},
year = {2016},
isbn = {978-1-931971-29-4},
address = {Santa Clara, CA},
pages = {239--253},
url = {https://www.usenix.org/conference/nsdi16/technical-sessions/presentation/khalid},
publisher = {USENIX Association},
}

@inproceedings {194934,
author = {Chang Lan and Justine Sherry and Raluca Ada Popa and Sylvia Ratnasamy and Zhi Liu},
title = {Embark: Securely Outsourcing Middleboxes to the Cloud},
booktitle = {13th USENIX Symposium on Networked Systems Design and Implementation (NSDI 16)},
year = {2016},
isbn = {978-1-931971-29-4},
address = {Santa Clara, CA},
pages = {255--273},
url = {https://www.usenix.org/conference/nsdi16/technical-sessions/presentation/lan},
publisher = {USENIX Association},
}

@inproceedings {199352,
	author = {Aurojit Panda and Sangjin Han and Keon Jang and Melvin Walls and Sylvia Ratnasamy and Scott Shenker},
	title = {NetBricks: Taking the V out of NFV},
	booktitle = {12th USENIX Symposium on Operating Systems Design and Implementation (OSDI 16)},
	year = {2016},
	isbn = {978-1-931971-33-1},
	address = {GA},
	pages = {203--216},
	url = {https://www.usenix.org/conference/osdi16/technical-sessions/presentation/panda},
	publisher = {USENIX Association},
}

@inproceedings {194970,
    author = {Byungkwon Choi and Jongwook Chae and Muhammad Jamshed and KyoungSoo Park and Dongsu Han},
    title = {DFC: Accelerating String Pattern Matching for Network Applications},
    booktitle = {13th USENIX Symposium on Networked Systems Design and Implementation (NSDI 16)},
    year = {2016},
    isbn = {978-1-931971-29-4},
    address = {Santa Clara, CA},
    pages = {551--565},
    url = {https://www.usenix.org/conference/nsdi16/technical-sessions/presentation/choi},
    publisher = {USENIX Association},
}

